<?xml version="1.0" encoding="UTF-8"?><collection xmlns="http://www.loc.gov/MARC21/slim"><record><leader>00375nam--2200133-i-4500</leader><controlfield tag="001">000050290</controlfield><controlfield tag="002">20161230</controlfield><controlfield tag="005">20161230201048</controlfield><controlfield tag="008">060222s1000------------r-----000-0-eng-d</controlfield><datafield ind1=" " ind2=" " tag="080"><subfield code="a">621.7</subfield></datafield><datafield ind1=" " ind2=" " tag="100"><subfield code="a">Baryshev, V.F., Rukavishnikov, V.I.Bernshein, I.L</subfield></datafield><datafield ind1=" " ind2=" " tag="245"><subfield code="a">Skorostnoe tochenie stalei v podshipinkovom proizvodstve</subfield></datafield><datafield ind1=" " ind2=" " tag="260"><subfield code="a">Moskva, Mashgiz, 1950, 70s</subfield></datafield><datafield ind1=" " ind2=" " tag="852"><subfield code="a">26588</subfield></datafield></record></collection>